<record><leader>00000cas a22000007a 4500</leader><controlfield tag="001">26018092</controlfield><controlfield tag="008">920615d18951uuuaruwr ne      0    0eng d</controlfield><datafield ind1=" " ind2=" " tag="010"><subfield code="a">sn 92050108 </subfield></datafield><datafield ind1=" " ind2=" " tag="040"><subfield code="a">ANU</subfield><subfield code="b">eng</subfield><subfield code="c">ANU</subfield><subfield code="d">OCLCQ</subfield></datafield><datafield ind1=" " ind2=" " tag="042"><subfield code="a">msc</subfield></datafield><datafield ind1="0" ind2="4" tag="245"><subfield code="a">The Rison bazoo.</subfield></datafield><datafield ind1="1" ind2="3" tag="246"><subfield code="a">Weekly Rison bazoo</subfield><subfield code="f">&lt;May 29, 1896-Aug. 5, 1898&gt;</subfield></datafield><datafield ind1=" " ind2=" " tag="260"><subfield code="a">Rison, Ark. :</subfield><subfield code="b">B.P. Stone</subfield></datafield><datafield ind1=" " ind2=" " tag="300"><subfield code="a">v.</subfield></datafield><datafield ind1=" " ind2=" " tag="310"><subfield code="a">Weekly</subfield></datafield><datafield ind1="1" ind2=" " tag="362"><subfield code="a">Began in 1895.</subfield></datafield><datafield ind1=" " ind2=" " tag="588"><subfield code="a">Description based on: Vol. 2, no. 4 (May 29, 1896).</subfield></datafield><datafield ind1=" " ind2="4" tag="651"><subfield code="a">Rison (Ark.)</subfield><subfield code="v">Newspapers.</subfield></datafield><datafield ind1=" " ind2="4" tag="651"><subfield code="a">Cleveland County (Ark.)</subfield><subfield code="v">Newspapers.</subfield></datafield><datafield ind1=" " ind2=" " tag="752"><subfield code="a">United States</subfield><subfield code="b">Arkansas</subfield><subfield code="c">Cleveland</subfield><subfield code="d">Rison.</subfield></datafield></record>